<record><leader>00000cas a22000007a 4500</leader><controlfield tag="001">10967680</controlfield><controlfield tag="008">840719d18661880vaudr ne      0    0eng d</controlfield><datafield ind1=" " ind2=" " tag="010"><subfield code="a">sn 84024644 </subfield></datafield><datafield ind1=" " ind2=" " tag="040"><subfield code="a">NPV</subfield><subfield code="b">eng</subfield><subfield code="c">NPV</subfield><subfield code="d">NPX</subfield><subfield code="d">NPU</subfield><subfield code="d">NPX</subfield><subfield code="d">NYS</subfield><subfield code="d">NVK</subfield><subfield code="d">OCLCF</subfield><subfield code="d">OCLCO</subfield></datafield><datafield ind1=" " ind2=" " tag="042"><subfield code="a">msc</subfield></datafield><datafield ind1=" " ind2="4" tag="082"><subfield code="a">070</subfield></datafield><datafield ind1="0" ind2=" " tag="130"><subfield code="a">Lynchburg daily news (Lynchburg, Va. : 1866)</subfield></datafield><datafield ind1="0" ind2="0" tag="245"><subfield code="a">Lynchburg daily news.</subfield></datafield><datafield ind1="0" ind2="7" tag="246"><subfield code="a">Lynchburg news</subfield></datafield><datafield ind1=" " ind2=" " tag="260"><subfield code="a">Lynchburg [Va.] :</subfield><subfield code="b">Christian &amp; Waddill,</subfield><subfield code="c">1866-1880.</subfield></datafield><datafield ind1=" " ind2=" " tag="300"><subfield code="a">v. ;</subfield><subfield code="c">61 cm.</subfield></datafield><datafield ind1=" " ind2=" " tag="310"><subfield code="a">Daily</subfield></datafield><datafield ind1="0" ind2=" " tag="362"><subfield code="a">Vol. 1, no. 82 (Apr. 19, 1866)-v. 29, no. 94 (Apr. 23, 1880).</subfield></datafield><datafield ind1=" " ind2=" " tag="500"><subfield code="a">Democrat. Cf. Cappon. L.J.  Va. newspapers.</subfield></datafield><datafield ind1=" " ind2=" " tag="500"><subfield code="a">Editors: R.E. Withers, &lt;1866&gt;; R.E. Withers, J.G. Perry, &lt;1870&gt;; J.G. Perry, &lt;1873&gt; &amp; &lt;1874&gt;; T. Whitehead, &lt;1878-1879&gt;.</subfield></datafield><datafield ind1=" " ind2=" " tag="500"><subfield code="a">Publisher varies: Cabell &amp; Waddill &lt;1868&gt;; Cabell, Peyton &amp; Humphreys, Aug. 29, 1868; Cabell &amp; Humphreys, &lt;1868&gt;; A. Waddill &amp; Co., &lt;1870&gt;-.</subfield></datafield><datafield ind1=" " ind2=" " tag="515"><subfield code="a">Contains numbering peculiarities.</subfield></datafield><datafield ind1=" " ind2=" " tag="530"><subfield code="a">Microfilm available from New York Public Library; and from Bell &amp; Howell Micro Photo Division.</subfield></datafield><datafield ind1=" " ind2="0" tag="651"><subfield code="a">Lynchburg (Va.)</subfield><subfield code="v">Newspapers.</subfield></datafield><datafield ind1=" " ind2="7" tag="655"><subfield code="a">Newspapers.</subfield><subfield code="2">fast</subfield><subfield code="0">(OCoLC)fst01423814</subfield></datafield><datafield ind1=" " ind2="7" tag="651"><subfield code="a">Virginia</subfield><subfield code="z">Lynchburg.</subfield><subfield code="2">fast</subfield><subfield code="0">(OCoLC)fst01207740</subfield></datafield><datafield ind1=" " ind2=" " tag="752"><subfield code="a">United States</subfield><subfield code="b">Virginia</subfield><subfield code="d">Lynchburg.</subfield></datafield><datafield ind1="0" ind2=" " tag="775"><subfield code="t">Tri-weekly news (Lynchburg, Va.)</subfield><subfield code="w">(DLC)sn 85025545</subfield></datafield><datafield ind1="0" ind2=" " tag="775"><subfield code="t">Lynchburg weekly news</subfield><subfield code="w">(DLC)sn 85027021</subfield></datafield><datafield ind1="0" ind2="0" tag="780"><subfield code="t">Daily news (Lynchburg, Va. : 1866)</subfield><subfield code="w">(DLC)sn 99066716</subfield></datafield><datafield ind1="0" ind2="0" tag="785"><subfield code="t">Daily news (Lynchburg, Va. : 1880)</subfield><subfield code="w">(DLC)sn 94059403</subfield></datafield></record>